<?xml version="1.0" encoding="UTF-8"?><record xmlns="http://www.loc.gov/MARC21/slim" xmlns:cinclude="http://apache.org/cocoon/include/1.0" xmlns:zs="http://www.loc.gov/zing/srw/">
  <leader>01126nz  a2200217n  4500</leader>
  <controlfield tag="001">n 2014063972</controlfield>
  <controlfield tag="003">DLC</controlfield>
  <controlfield tag="005">20141015152117.0</controlfield>
  <controlfield tag="008">141015n| azannaabn          |b aaa      </controlfield>
  <datafield tag="010" ind1=" " ind2=" ">
    <subfield code="a">n 2014063972</subfield>
  </datafield>
  <datafield tag="040" ind1=" " ind2=" ">
    <subfield code="a">DLC</subfield>
    <subfield code="b">eng</subfield>
    <subfield code="c">DLC</subfield>
    <subfield code="e">rda</subfield>
  </datafield>
  <datafield tag="100" ind1="1" ind2=" ">
    <subfield code="a">Kremzykova, S. I︠U︡.</subfield>
    <subfield code="q">(Svitlana I︠U︡khymivna)</subfield>
  </datafield>
  <datafield tag="373" ind1=" " ind2=" ">
    <subfield code="a">Donet︠s︡ʹkyĭ nat︠s︡ionalʹnyĭ universytet</subfield>
  </datafield>
  <datafield tag="374" ind1=" " ind2=" ">
    <subfield code="a">Philologist</subfield>
    <subfield code="a">Professor</subfield>
  </datafield>
  <datafield tag="375" ind1=" " ind2=" ">
    <subfield code="a">female</subfield>
  </datafield>
  <datafield tag="377" ind1=" " ind2=" ">
    <subfield code="a">ukr</subfield>
    <subfield code="a">fre</subfield>
  </datafield>
  <datafield tag="400" ind1="1" ind2=" ">
    <subfield code="a">Kremzykova, Svitlana I︠U︡khymivna</subfield>
  </datafield>
  <datafield tag="400" ind1="1" ind2=" ">
    <subfield code="a">Кремзикова, С. Ю.</subfield>
    <subfield code="q">(Світлана Юхимівна)</subfield>
  </datafield>
  <datafield tag="400" ind1="1" ind2=" ">
    <subfield code="a">Кремзикова, Світлана Юхимівна</subfield>
  </datafield>
  <datafield tag="667" ind1=" " ind2=" ">
    <subfield code="a">Non-Latin script reference not evaluated</subfield>
  </datafield>
  <datafield tag="670" ind1=" " ind2=" ">
    <subfield code="a">Slovotvir ta dyskurs, 2010:</subfield>
    <subfield code="b">t.p. (С.Ю. Кремзикова = S.I︠U︡. Kremzykova) p. 4 of cover (Кремзикова, Світлана Юхимівна = Kremzykova, Svitlana I︠U︡khymivna; кандидат філологічних наук, доцент, завідувач кафедри романських мов Донецького національного університету)</subfield>
  </datafield>
</record>